@inproceedings{Buro2004,
title={Call for {AI} research in {RTS} games},
author={Buro, Michael},
booktitle={Proceedings of the 4th Workshop on Challenges in Game AI},
pages={139--142},
year={2004}
}

@article{Survey2013,
title={A Survey of Real-Time Strategy Game {AI} Research and Competition in {StarCraft}},
author={Ontan{\'o}n, Santiago and Synnaeve, Gabriel and Uriarte, Alberto and Richoux, Florian and Churchill, David and Preuss, Mike},
journal={IEEE Transactions on Computational Intelligence and {AI} in Games},
year={2013},
volume={5},
issue={4},
pages={293--311}
}

@MISC{heinermann2013bwapi,
  author = {Heinermann, Adam},
  title = {Broodwar {API}},
  howpublished = {\url{https://github.com/bwapi/bwapi}},
  year = {2013},
  url = {https://github.com/bwapi/bwapi}
}

@article{buro2012real,
  title={Real-time strategy game competitions},
  author={Buro, Michael and Churchill, David},
  journal={AI Magazine},
  volume={33},
  number={3},
  pages={106},
  year={2012}
}

@article{gibney2016google,
  title={What Google's winning Go algorithm will do next.},
  author={Gibney, Elizabeth},
  journal={Nature},
  volume={531},
  number={7594},
  pages={284--285},
  year={2016}
}

@article{ontanon2015rts,
  title={{RTS AI: Problems and Techniques}},
  author={Ontan{\'o}n, Santiago and Synnaeve, Gabriel and Uriarte, Alberto and Richoux, Florian and Churchill, David and Preuss, Mike},
  year={2015},
  publisher={Springer}
}

@article{churchill2016starcraft,
  title={Starcraft bots and competitions},
  author={Churchill, David and Preuss, Mike and Richoux, Florian and Synnaeve, Gabriel and Uriarte, Alberto and Ontan{\'o}n, Santiago and Certick{\`y}, Michal},
  year={2016}
}

@article{mattsson2015automatic,
  title={Automatic Observer Script for {StarCraft}: {Brood War} Bot Games (technical report)},
  author={Mattsson, Bj{\"o}rn Persson and Vajda, Tom{\'a}{\v{s}} and {\v{C}}ertick{\'y}, Michal},
  journal={arXiv preprint arXiv:1505.00278},
  year={2015}
}

@book{elo1978rating,
  title={The rating of chessplayers, past and present},
  author={Elo, Arpad E},
  year={1978},
  publisher={Arco Pub.}
}

@inproceedings{tavares2016rock,
  title={Rock, Paper, StarCraft: Strategy Selection in Real-Time Strategy Games},
  author={Tavares, Anderson and Azp{\'u}rua, Hector and Santos, Amanda and Chaimowicz, Luiz},
  booktitle={12th Artificial Intelligence and Interactive Digital Entertainment Conference (AIIDE)},
  pages={93--99},
  year={2016}
}

@article{synnaeve2016torchcraft,
  title={TorchCraft: a Library for Machine Learning Research on Real-Time Strategy Games},
  author={Synnaeve, Gabriel and Nardelli, Nantas and Auvolat, Alex and Chintala, Soumith and Lacroix, Timoth{\'e}e and Lin, Zeming and Richoux, Florian and Usunier, Nicolas},
  journal={arXiv preprint arXiv:1611.00625},
  year={2016}
}

@inproceedings{uriarte2014high,
  title={High-level representations for game-tree search in RTS games},
  author={Uriarte, Alberto and Ontan{\'o}n, Santiago},
  booktitle={Tenth Artificial Intelligence and Interactive Digital Entertainment Conference},
  year={2014}
}
@inproceedings{garcia2015towards,
  title={Towards automatic StarCraft strategy generation using genetic programming},
  author={Gar{\'c}{\i}a-S{\'a}nchez, Pablo and Tonda, Alberto and Mora, Antonio M and Squillero, Giovanni and Merelo, JJ},
  booktitle={Computational Intelligence and Games (CIG), 2015 IEEE Conference on},
  pages={284--291},
  year={2015},
  organization={IEEE}
}

@article{farooq2016starcraft,
  title={StarCraft AI competition: a step toward human-level AI for real-time strategy games},
  author={Farooq, Sehar Shahzad and Oh, In-Suk and Kim, Man-Jae and Kim, Kyung Joong},
  journal={AI Magazine},
  volume={37},
  number={2},
  pages={102--107},
  year={2016},
  publisher={American Association for Artificial Intelligence}
}

@inproceedings{kim2016evaluation,
  title={Evaluation of StarCraft Artificial Intelligence Competition Bots by Experienced Human Players},
  author={Kim, Man-Je and Kim, Kyung-Joong and Kim, SeungJun and Dey, Anind K},
  booktitle={Proceedings of the 2016 CHI Conference Extended Abstracts on Human Factors in Computing Systems},
  pages={1915--1921},
  year={2016},
  organization={ACM}
}

@article{loiacono20102009,
  title={The 2009 simulated car racing championship},
  author={Loiacono, Daniele and Lanzi, Pier Luca and Togelius, Julian and Onieva, Enrique and Pelta, David A and Butz, Martin V and Lonneker, Thies D and Cardamone, Luigi and Perez, Diego and S{\'a}ez, Yago and others},
  journal={IEEE Transactions on Computational Intelligence and AI in Games},
  volume={2},
  number={2},
  pages={131--147},
  year={2010},
  publisher={IEEE}
}

@article{maly2018multi,
  title={{Multi-platform Version of StarCraft: Brood War in a Docker Container: Technical Report}},
  author={Mal\'{y}, Jan and \v{S}ustr, Michal and {\v{C}}ertick{\'y}, Michal},
  journal={arXiv preprint},
  year={2018}
}

